<?xml version="1.0" encoding="UTF-8"?><collection xmlns="http://www.loc.gov/MARC21/slim"><record><leader>00379nam--2200121-i-4500</leader><controlfield tag="001">000033559</controlfield><controlfield tag="002">20161230</controlfield><controlfield tag="005">20161230201039</controlfield><controlfield tag="008">060222s1000------------r-----000-0-eng-d</controlfield><datafield ind1=" " ind2=" " tag="080"><subfield code="a">621.762(061.3)</subfield></datafield><datafield ind1=" " ind2=" " tag="245"><subfield code="a">Iii.mezinarodni konference o praskove metalurgii.karlovy vary-cssr, 29-ix.2.x. 1970</subfield></datafield><datafield ind1=" " ind2=" " tag="260"><subfield code="a">Karlovy Vary, Vydal Dum Technikj Csvts V Ostrave, 1970. 336p</subfield></datafield><datafield ind1=" " ind2=" " tag="852"><subfield code="a">40583</subfield></datafield></record></collection>